
% This file was created with JabRef 2.6.
% Encoding: Cp1252

@ARTICLE{prodist8,
    title={M{\'o}dulo 8},
  journal={Procedimentos de distribui{\c{c}}{\~a}o de energia el{\'e}trica no sistema el{\'e}trico nacional},
  author={{AGÊNCIA NACIONAL DE ENERGIA ELÉTRICA}},
  year={2016},
  url= {http://www.aneel.gov.br/modulo-8}
}